
@string{Barioli="Francesco Barioli"}
@string{Barrett="Wayne Barrett"}
@string{Bozeman="Chassidy Bozeman"}
@string{Butler="Steve Butler"}
@string{Cioaba="Sebastian M. Cioab\u{a}"}
@string{Cvetkovic="Drago\u{s} Cvetkovi\'{c}"}
@string{DeAlba="Luz Maria DeAlba"}
@string{DeLoss="Laura DeLoss"}
@string{Ekstrand="Jason Ekstrand"}
@string{Ellsworth="AnnaVictoria Ellsworth"}
@string{Erickson="Craig Erickson"}
@string{Fallat="Shaun M.~Fallat"}
@string{Godsil="Chris Godsil"}
@string{Grood="Cheryl Grood"}
@string{Grout="Jason Grout"}
@string{Haemers="Willem Haemers"}
@string{Hall="H.~Tracy Hall"}
@string{Hardy="Timothy L. Hardy"}
@string{Harmse="Johannes Harmse"}
@string{Hay="Diana Hay"}
@string{Hentzel="Irvin Roy Hentzel"}
@string{Hogben="Leslie Hogben"}
@string{Hunter="Thomas J.~Hunter"}
@string{Jacob="Bonnie Jacob"}
@string{Jephian="Jephian Chin-Hung Lin"}
@string{Johnson="Ryan Johnson"}
@string{Kingsley="Nicole Kingsley"}
@string{Klimas="Andrew Klimas"}
@string{Maurer="Gabi Maurer"}
@string{McCathern="Sharon McCathern"}
@string{McKay="Tracy McKay"}
@string{Mikkelson="Rana Mikkelson"}
@string{Narayan="Sivaram Narayan"}
@string{Nowak="Kathleen Nowak"}
@string{Osborne="Steven Osborne"}
@string{Peters="Travis Peters"}
@string{Pryporova="Olga Pryporova"}
@string{Roat="Jolie Roat"}
@string{Rodriguez="Aaron Rodriguez"}
@string{Ross="Arianne Ross"}
@string{Row="Darren D.~Row"}
@string{Sciriha="Irene Sciriha"}
@string{Shader="Bryan Shader"}
@string{Sinkovic="John Sinkovic"}
@string{Smith="Jason Smith"}
@string{So="Wasin So"}
@string{Stevanovic="Dragan Stevanovi\'c"}
@string{Strickland="James Strickland"}
@string{Tims="Geoff Tims"}
@string{vdDriessche="P.~{\noopsort{Driessche}}{van den Driessche}"}
@string{vdHolst="Hein {\noopsort{Holst}}{van der Holst}"}
@string{VMeulen="Kevin Vander Meulen"}
@string{Wangsness="Amy Wangsness"}
@string{Warnberg="Nathan Warnberg"}
@string{Young="Michael Young"}
@string{Monfared="Keivan Hassani Monfared"}

@string{Lovasz="L{\'a}szl{\'o} Lov{\'a}sz"}
@string{Saks="Michael Saks"}
@string{Schrijver="Alexander Schrijver"}
@string{Vempala="Santosh Vempala"}
@string{Kotlov="Andre\u{\i} Kotlov"}
@string{Robertson="Neil Robertson"}
@string{Seymour="Paul Seymour"}
@string{Thomas="Robin Thomas"}

@string{Goldberg="Felix Goldberg"}
@string{Berman="Abraham Berman"}
@string{Friedland="Shmuel Friedland"}
@string{Rothblum="Uriel G.~Rothblum"}
@string{Colin="Yves {\noopsort{Colin}}{Colin de Verdi\`ere}"}
@string{Brualdi="Richard A.~Brualdi"}
@string{Godsil="Chris Godsil"}
@string{Kirkland="Stephen Kirkland"}

@string{Fiedler="Miroslav Fiedler"}
@string{Bento="Am\'erico Bento"}
@string{LDuarte="Ant\'onio {\noopsort{Leal}}{Leal Duarte}"}

@string{Kempton="Mark Kempton"}

