
@string{Barioli="F.~Barioli"}
@string{Barrett="W.~Barrett"}
@string{Bozeman="C.~Bozeman"}
@string{Butler="S.~Butler"}
@string{Cioaba="S.~M.~Cioab\u{a}"}
@string{Cvetkovic="D.~Cvetkovi\'c"}
@string{DeAlba="L.~M.~DeAlba"}
@string{DeLoss="L.~DeLoss"}
@string{Ekstrand="J.~Ekstrand"}
@string{Ellsworth="A.~Ellsworth"}
@string{Erickson="C.~Erickson"}
@string{Fallat="S.~M.~Fallat"}
@string{Godsil="C.~Godsil"}
@string{Grood="C.~Grood"}
@string{Grout="J.~Grout"}
@string{Haemers="W.~Haemers"}
@string{Hall="H.~T.~Hall"}
@string{Hardy="T.~L.~Hardy"}
@string{Harmse="J.~Harmse"}
@string{Hay="D.~Hay"}
@string{Hentzel="I.~R.~Hentzel"}
@string{Hershkowitz="D.~Hershkowitz"}
@string{Hogben="L.~Hogben"}
@string{Hunter="T.~J.~Hunter"}
@string{Jacob="B.~Jacob"}
@string{Jephian="J.~C.-H.~Lin"}
@string{Johnson="R.~Johnson"}
@string{Kingsley="N.~Kingsley"}
@string{Klimas="A.~Klimas"}
@string{Maurer="G.~Maurer"}
@string{McCathern="S.~McCathern"}
@string{McKay="T.~McKay"}
@string{Mikkelson="R.~Mikkelson"}
@string{Narayan="S.~Narayan"}
@string{Nowak="K.~Nowak"}
@string{Osborne="S.~Osborne"}
@string{Peters="T.~Peters"}
@string{Pryporova="O.~Pryporova"}
@string{Roat="J.~Roat"}
@string{Rodriguez="A.~Rodriguez"}
@string{Ross="A.~Ross"}
@string{Row="D.~D.~Row"}
@string{Sciriha="I.~Sciriha"}
@string{Shader="B.~Shader"}
@string{Sinkovic="J.~Sinkovic"}
@string{Smith="J.~Smith"}
@string{So="W.~So"}
@string{Stevanovic="D.~Stevanovi\'c"}
@string{Strickland="J.~Strickland"}
@string{Tims="G.~Tims"}
@string{vdDriessche="P.~{\noopsort{Driessche}}{van den Driessche}"}
@string{vdHolst="H.~{\noopsort{Holst}}{van der Holst}"}
@string{VMeulen="K.~Vander Meulen"}
@string{Wangsness="A.~Wangsness"}
@string{Warnberg="N.~Warnberg"}
@string{Young="M.~Young"}
@string{Monfared="K.~H.~Monfared"}

@string{Lovasz="L.~Lov{\'a}sz"}
@string{Saks="M.~Saks"}
@string{Schrijver="A.~Schrijver"}
@string{Vempala="S.~Vempala"}
@string{Kotlov="A.~Kotlov"}
@string{Robertson="N.~Robertson"}
@string{Seymour="P.~Seymour"}
@string{Thomas="R.~Thomas"}

@string{Goldberg="F.~Goldberg"}
@string{Berman="A.~Berman"}
@string{Friedland="S.~Friedland"}
@string{Rothblum="U.~G.~Rothblum"}
@string{Colin="Y.~{\noopsort{Colin}}{Colin de Verdi\`ere}"}
@string{Brualdi="R.~A.~Brualdi"}
@string{Godsil="C.~Godsil"}
@string{Kirkland="S.~Kirkland"}

@string{Fiedler="M.~Fiedler"}
@string{Bento="A.~Bento"}
@string{LDuarte="A.~{\noopsort{Leal}}{Leal Duarte}"}

@string{Kempton="M.~Kempton"}



