@PREAMBLE{ {\providecommand{\noopsort}[1]{}} }

@article{Test,
    author    = "Test",
    title     = "Test",
    journal   = LAA,
    volume   = "Test",
    number   = "Test",
    pages    = "Test",
    year      = "Test",
    month    = "Test",
    note     = "Test",
}

@book{Xbook,
    author    = "",
    title     = "",
    publisher = "",
    volume   = "",
    number   = "",
    series   = "",
    address  = "",
    edition  = "",
    year      = "XXXX",
    month    = "",
    note     = "",
}

@phdthesis{Xphdthesis,
	author		= "",
	title		= "",
	school		= "",
	address	    = "",
	year		= "",
	month		= "",
	keywords	= "",
	note		= "",
}

@incollection{Xincollection,
	author	= "",
	title	= "",
	booktitle= "",
	publisher= "",
	editor	= "%",
	volume	= "%",
	number	= "%",
	series	= "%",
	type	= "%",
	chapter= "%",
	pages	= "%",
	address= "%",
	edition= "%",
	year	= "",
	month	= "%",
	note	= "%",
}

@article{AIM,
    author    = "{\noopsort{AIM}}{AIM Minimum Rank \textendash{} Special Graphs Work Group (}" # 
    Barioli #" and "# Barrett #" and "# Butler #" and "# Cioaba #" and "# 
Cvetkovic #" and "# Fallat #" and "# Godsil #" and "# Haemers #" and "# 
Hogben #" and "# Mikkelson #" and "# Narayan #" and "# Pryporova #" and "# 
Sciriha #" and "# So #" and "# Stevanovic #" and "# vdHolst #" and "# 
VMeulen #" and "# Wangsness #")",
    title     = "Zero forcing sets and the minimum rank of graphs",
    journal   = LAA,
    volume   = "428",
    pages    = "1628--1648",
    year      = "2008",
}

@article{BLD,
    author    = Bento #" and "# LDuarte,
    title     = "On {F}iedler's characterization of tridiagonal matrices over arbitrary fields",
    journal   = LAA,
    volume   = "401",
    pages    = "467--481",
    year      = "2005",
}

@article{GCC,
    author    = Barioli #" and "# Barrett #" and "# Fallat #" and "# 
    Hall #" and "# Hogben #" and "# vdHolst,
    title     = "On the graph complement conjecture for minimum rank",
    journal   = LAA,
    volume   = "436",
    pages    = "4373--4391",
    year      = "2012",
}

@article{smallparam,
    author    = Barioli #" and "# Barrett #" and "# Fallat #" and "# Hall #" and "# 
    Hogben #" and "# Shader #" and "# vdDriessche #" and "# vdHolst,
    title     = "Zero forcing parameters and minimum rank problems",
    journal   = LAA,
    volume   = "433",
    pages    = "401--411",
    year      = "2010",
}

@article{param,
    author    = Barioli #" and "# Barrett #" and "# Fallat #" and "# 
    Hall #" and "# Hogben #" and "# Shader #" and "# vdDriessche #" and "# vdHolst,
    title     = "Parameters related to tree-width, zero forcing, and maximum nullity of a graph",
    journal   = JGT,
    volume   = "72",
    pages    = "146--177",
    year      = "2013",
}

@article{BFH,
    author    = Barioli #" and "# Fallat #" and "# Hogben,
    title     = "Computation of minimal rank and path cover number for graphs",
    journal   = LAA,
    volume   = "392",
    pages    = "289--303",
    year      = "2004",
}

@article{BFH3,
    author    = Barioli #" and "# Fallat #" and "# Hogben,
    title     = "A variant on the graph parameters of {C}olin de {V}erdi\`ere: Implications to the minimum rank of graphs",
    journal   = ELA,
    volume   = "13",
    pages    = "387--404",
    year      = "2005",
}

@article{delta,
    author    = Berman #" and "# Friedland #" and "# Hogben #" and "# Rothblum #" and "# Shader,
    title     = "An upper bound for the minimum rank of a graph",
    journal   = LAA,
    volume   = "429",
    pages    = "1629--1638",
    year      = "2008",
}

@article{loopEGR,
    author    = Bozeman #" and "# Ellsworth #" and "# Hogben #" and "# 
    Jephian #" and "# Maurer #" and "# Nowak #" and "# Rodriguez #" and "# Strickland,
    title     = "Minimum rank of graphs with loops",
    journal   = ELA,
    volume   = "27",
    pages    = "907--934",
    year      = "2014",
}

@misc{AIMrpt,
    author    = Brualdi #" and "# Hogben #" and "# Shader,
    title     = "{AIM} {W}orkshop on {S}pectra of {F}amilies of {M}atrices {D}escribed by {G}raphs, {D}igraphs and {S}ign Patterns, {F}inal report: {M}athematical {R}esults",
    howpublished = "\verb|http://aimath.org/pastworkshops/matrixspectrumrep.pdf|",
    year      = "2007",
}

@article{Zq,
    author    = Butler #" and "# Grout #" and "# Hall,
    title     = "Using variants of zero forcing to bound the inertia set of a graph",
    journal   = ELA,
    year      = "2014",
    note     = "(accepted)",
}

@misc{CdV,
    author    = Colin,
    title     = "On a new graph invariant and a criterion for planarity",
    howpublished = "In {\it Graph Structure Theory}, pp. 137--147, American Mathematical Society, Providence, RI",
    pages    = "137--147",
    year      = "1993",
}

@article{CdV2,
    author    = Colin,
    title     = "Multiplicities of eigenvalues and tree-width graphs",
    journal   = JCTB,
    volume   = "74",
    pages    = "121--146",
    year      = "1998",
}

@article{DHHHW,
    author    = DeAlba #" and "# Hardy #" and "# Hentzel #" and "# Hogben #" and "# Wangsness,
    title     = "Minimum rank and maximum eigenvalue multiplicity of symmetric tree sign patterns",
    journal   = LAA,
    volume   = "418",
    pages    = "389--415",
    year      = "2006",
}

@article{small,
    author    = DeLoss #" and "# Grout #" and "# Hogben #" and "# McKay #" and "# Smith #" and "# Tims,
    title     = "Techniques for determining the minimum rank of a small graph",
    journal   = LAA,
    volume   = "432",
    pages    = "2995--3001",
    year      = "2010",
}

@article{EGR11,
    author    = Ekstrand #" and "# Erickson #" and "# Hall #" and "# Hay #" and "# Hogben #" and "# 
    Johnson #" and "# Kingsley #" and "# Osborne #" and "# Peters #" and "# Roat #" and "# Ross #" and "# 
    Row #" and "# Warnberg #" and "# Young,
    title     = "Positive semidefinite zero forcing",
    journal   = LAA,
    volume   = "439",
    pages    = "1862--1874",
    year      = "2013",
}

@article{FH,
    author    = Fallat # " and " # Hogben,
    title     = "The minimum rank of symmetric matrices described by a graph: {A} survey",
    journal   = LAA,
    volume   = "426",
    pages    = "558--582",
    year      = "2007",
}

@misc{HLA46,
    author    = Fallat # " and " # Hogben,
    title     = "Minimum rank, maximum nullity, and zero forcing number of graphs",
    howpublished = "In {\it Handbook of Linear Algebra}, 2nd edition, L. Hogben editor, CRC Press, Boca Raton",
    year      = "2013",
}

@article{Fied,
    author    = Fiedler,
    title     = "A characterization of tridiagonal matrices",
    journal   = LAA,
    volume   = "2",
    pages    = "191--197",
    year      = "1969",
}

@article{Gol09,
    author    = Goldberg,
    title     = "On the {C}olin de {V}erdi\`ere numbers of {C}artesian graph",
    journal   = LAA,
    volume   = "431",
    pages    = "2285--2290",
    year      = "2009",
}

@article{GB11,
    author    = Goldberg #" and "# Berman,
    title     = "On the {C}olin de {V}erdi\`ere number of graphs",
    journal   = LAA,
    volume   = "434",
    pages    = "1656--1662",
    year      = "2011",
}

@article{GB14,
    author    = Goldberg #" and "# Berman,
    title     = "Zero forcing for sign patterns",
    journal   = LAA,
    volume   = "447",
    pages    = "56--67",
    year      = "2014",
}

@article{mr0,
    author    = Grood #" and "# Harmse #" and "# Hogben #" and "# Hunter #" and "# Jacob #" and "# Klimas #" and "# McCathern,
    title     = "Minimum rank with zero diagonal",
    journal   = ELA,
    volume   = "27",
    pages    = "458--477",
    year      = "2014",
}

@article{Gblowup,
    author    = Grout,
    title     = "The minimum rank problem over finite fields",
    journal   = ELA,
    volume   = "20",
    pages    = "673--698",
    year      = "2010",
}

@misc{Hdelta,
    author    = Hall,
    title     = "\verb|http://www.math.iastate.edu/News/FP8.html|",
    year      = "2011",
}

@article{vdH02,
    author    = vdHolst,
    title     = "Graphs with magnetic Schr{\"o}dinger operators of low corank",
    journal   = JCTB,
    volume   = "84",
    pages    = "311--339",
    year      = "2002",
}

@article{vdH08,
    author    = vdHolst,
    title     = "The maximum corank of graphs with a 2-separation",
    journal   = LAA,
    volume   = "428",
    pages    = "1587--1600",
    year      = "2008",
}

@misc{HLS,
    author    = vdHolst # " and " # Lovasz #" and "# Schrijver,
    title     = "The {C}olin de {V}erdi\`ere graph parameter",
    howpublished = "In {\it Graph Theory and Computational Biology (Balatonlelle, 1996)}, pp. 29--85, Janos Bolyai Math. Soc., Budapest",
    pages    = "29--85",
    year      = "1999",
}

@article{cancun,
    author    = Hogben,
    title     = "Minimum rank problems",
    journal   = LAA,
    volume   = "432",
    pages    = "1961--1974",
    year      = "2010",
}

@misc{NGSurvey,
    author    = Hogben,
    title     = "{S}urvey of {N}ordhaus-{G}addum problems for {C}olin de {V}erdi\`ere type parameters, variants of tree-width, and related parameters",
    year      = "2014",
    note     = "(in preparation)",
}

@article{MS13,
    author = Monfared #" and "# Shader,
    title = "Construction of matrices with a given graph and prescribed interlaced spectral data ",
    journal = LAA,
    volume = "438",
    pages = "4348 - 4358",
    year = "2013",
}

@article{sieving,
    author    = Jephian,
    title     = "The sieving process and lower bounds for the minimum rank problem",
    journal   = CN,
    year      = "2014",
    note     = "(accepted)",
}

@misc{Zoc,
    author    = Jephian,
    title     = "Odd cycle zero forcing parameters and the minimum rank of graph blowups",
    year      = "2014",
    note     = "(under review)",
}

@article{KLV,
    author    = Kotlov #" and "# Lovasz #" and "# Vempala,
    title     = "The {C}olin de {V}erd\`ere number and sphere representations of a graph",
    journal   = Ca,
    volume   = "17",
    pages    = "483--521",
    year      = "1997",
}

@article{Ortho,
    author    = Lovasz #" and "# Saks #" and "# Schrijver,
    title     = "Orthogonal representations and connectivity of graphs",
    journal   = LAA,
    volume   = "114/115",
    pages    = "439--454",
    year      = "1989",
}

@article{OrthoC,
    author    = Lovasz #" and "# Saks #" and "# Schrijver,
    title     = "A correction: {O}rthogonal representations and connectivity of graphs",
    journal   = LAA,
    volume   = "313",
    pages    = "101--105",
    year      = "2000",
}

@article{LSch98,
    author    = Lovasz #" and "# Schrijver,
    title     = "A {B}orsuk theorem for antipodal links and a spectral characterization of linklessly embeddable graphs",
    journal   = PAMS,
    volume   = "126",
    pages    = "1275--1285",
    year      = "1998",
}

@phdthesis{Mik,
	author		= Mikkelson,
	title		= "Minimum rank of graphs that allow loops",
	school		= "Iowa State University",
	year		= "2008",
}

@misc{RST93,
    author    = Robertson # " and " # Seymour #" and "# Thomas,
    title     = "A survey of linkless embeddings",
    howpublished = "In {\it Graph Structure Theory}, pp. 125--136, American Mathematical Society, Providence, RI",
    pages    = "125--136",
    year      = "1993",
}

@article{Sink,
    author    = Sinkovic,
    title     = "Maximum nullity of outerplanar graphs and the path cover number",
    journal   = LAA,
    volume   = "432",
    pages    = "2052--2060",
    year      = "2010",
}

@article{SvdH,
    author    = Sinkovic # " and " # vdHolst,
    title     = "The minimum semidefinite rank of the complement of partial $k$-trees",
    journal   = LAA,
    volume   = "434",
    pages    = "1468--1474",
    year      = "2011",
}

@article{SKOuter,
    author    = Sinkovic # " and " # Kempton,
    title     = "Minimum rank of outerplanar graphs",
    journal   = LAA,
    volume   = "436",
    pages    = "3701--3720",
    year      = "2012",
}
