@string{LAA="Linear Algebra Appl."}
@string{ELA="Electron.~J.~Linear Algebra"}
@string{JGT="J.~Graph Theory"}
@string{CN="Congr.~Numer."}
@string{JCTA="J.~Combin. Theory Ser.~A"}
@string{JCTB="J.~Combin. Theory Ser.~B"}
@string{Ca="Combinatorica"}
@string{PAMS="Proc.~Amer.~Math.~Soc."}
@string{ISRNDM="ISRN Discrete Math."}
@string{LAMA="Linear Multilinear Algebra"}
@string{JC="J.~Comb."}