@string{LAA="Linear Algebra and its Applications"}
@string{ELA="Electronic Journal of Linear Algebra"}
@string{JGT="Journal of Graph Theory"}
@string{CN="Congressus Numerantium"}
@string{JCTA="Journal of Combinatorial Theory Series A"}
@string{JCTB="Journal of Combinatorial Theory Series B"}
@string{Ca="Combinatorica"}
@string{PAMS="Proceedings of the American Mathematical Society"}
@string{ISRNDM="ISRN Discrete Mathematics"}

ISRN Discrete Mathematics