@string{sharearticles = {http://web.uvic.ca/~chinhunglin/Publications/Articles/}}

@string{shareslides = {http://web.uvic.ca/~chinhunglin/Publications/Slides/}}

@string{CoCalc-sharearticles = {https://cloud.sagemath.com/72c1de6f-9c9b-4d02-9b00-8ebbdb927f73/raw/Publications/Articles/}}

@string{CoCalc-shareslides = {https://cloud.sagemath.com/72c1de6f-9c9b-4d02-9b00-8ebbdb927f73/raw/Publications/Slides/}}

@string{Google-sharearticles = {https://419f8bbe13c2b7da60d3ba78fc9603cc6f2439c9-www.googledrive.com/host/0B-IVsZwwS-caczNxR215bHRiUVk/Articles/}}

@string{Google-shareslides = {https://419f8bbe13c2b7da60d3ba78fc9603cc6f2439c9-www.googledrive.com/host/0B-IVsZwwS-caczNxR215bHRiUVk/Slides/}}

@string{bozeman = {\href{http://cbozeman.public.iastate.edu/}{C.~Bozeman}}}

@string{butler = {\href{http://orion.math.iastate.edu/butler/}{S.~Butler}}}

@string{ellsworth = {A.~Ellsworth}}

@string{erickson = {\href{http://faculty.grandview.edu/cerickson/}{C.~Erickson}}}

@string{hogben = {\href{http://orion.math.iastate.edu/lhogben/}{L.~Hogben}}}

@string{jephian = {\href{http://jephianlin.github.io/}{J.~C.-H.~Lin}}}

@string{maurer = {G.~Maurer}}

@string{nowak = {K.~Nowak}}

@string{rodriguez = {A.~Rodriguez}}

@string{strickland = {J.~Strickland}}

@string{warnberg = {\href{https://www.uwlax.edu/profile/nwarnberg/}{N.~Warnberg}}}

@string{young = {\href{http://orion.math.iastate.edu/myoung/}{M.~Young}}}

@string{martin = {\href{http://orion.math.iastate.edu/rymartin/}{R.~R.~Martin}}}

@string{gerard = {\href{http://www.math.ntu.edu.tw/~gjchang/}{G.~J.~Chang}}}

@string{hogenson = {\href{http://kahogens.public.iastate.edu/}{K.~Hogenson}}}

@string{lkramer = {\href{https://www.bethelks.edu/why-bethel/people/employee-directory/&staffID=lkramer/}{L.~Kramer}}}

@string{rkramer = {\href{http://www.public.iastate.edu/~ricardo/}{R.~L.~Kramer}}}

@string{aalipour = {\href{http://math.ucdenver.edu/~ghodrat.aalipour/}{G.~Aalipour}}}

@string{abiad = {\href{http://www-ma4.upc.edu/~aida.abiad/}{A.~Abiad}}}

@string{berikkyzy = {\href{http://zhanarb.public.iastate.edu/}{Z.~Berikkyzy}}}

@string{kenter = {\href{http://www.caam.rice.edu/~fhk2/}{F.~H.~J.~Kenter}}}

@string{tait = {\href{http://www.math.ucsd.edu/~mtait/}{M.~Tait}}}

@string{cummings = {\href{http://www.math.ucsd.edu/~jjcummings/}{J.~Cummings}}}

@string{desilva = {\href{http://www.math.unl.edu/~jdesilva2/}{J.~De Silva}}}

@string{gao = {\href{https://sites.google.com/site/wgaogsu/resume}{W.~Gao}}}

@string{heysse = {\href{http://orion.math.iastate.edu/keheysse/}{K.~Heysse}}}

@string{stolee = {\href{https://computationalcombinatorics.wordpress.com/about/}{D.~Stolee}}}

@string{barrett = {\href{https://math.byu.edu/?mtt_page=wayne-w-barrett}{W.~Barrett}}}

@string{fallat = {\href{http://uregina.ca/~sfallat/}{S.~M.~Fallat}}}

@string{hthall = {\href{https://math.byu.edu/?mtt_page=tracy-hall}{H.~T.~Hall}}}

@string{shader = {\href{http://www.uwyo.edu/bshader/bryan_shader/welcome.html}{B.~Shader}}}

@string{berliner = {\href{http://www.stolaf.edu/people/berliner/}{A.~Berliner}}}

@string{catral = {\href{http://www.cs.xu.edu/~catralm/}{M.~Catral}}}

@string{kroschel = {\href{https://www.stthomas.edu/mathematics/faculty/kroschel-brenda.html}{B.~Kroschel}}}

@string{dairyko = {\href{https://math.iastate.edu/directory/michael-dairyko/}{M.~Dairyko}}}

@string{lockhart = {\href{http://joshualockhart.neocities.org/}{J.~Lockhart}}}

@string{roberson = {\href{https://sites.google.com/site/davideroberson/}{D.~Roberson}}}

@string{severini = {\href{http://www.ucl.ac.uk/~ucapsse/}{S.~Severini}}}

